%bibliography for Leeper and Hendry, Quantitative Political Analysis, Spring 2015 Syllabus


